@misc{debian8:upgrade,
    author    = "PhoenixNap",
    title     = "How To Upgrade Debian 8 Jessie To Debian Linux 9 Stretch.",
    url       = "https://phoenixnap.com/kb/how-to-upgrade-debian-8-jessie-to-debian-9-stretch"
}

@misc{debian9:upgrade,
    author    = "PhoenixNap",
    title     = "How To Upgrade Debian 9 Stretch To Linux Debian 10 Buster",
    url       = "https://phoenixnap.com/kb/how-to-upgrade-debian-9-stretch-to-debian-10-buster"
}

@misc{dellguide,
    author    = "Dell",
    title     = "Controladora RAID Dell™ PowerEdge™ (PERC) H200 y HBA SAS de 6Gbps, Guia de usuario",
    url       = "https://downloads.dell.com/manuals/all-products/esuprt_ser_stor_net/esuprt_dell_adapters/poweredge-rc-h200_user%27s%20guide_es-mx.pdf"
}

@misc{ldapmigration,
    author    = "ItzGeek",
    title     = "Migrate LDAP local users to LDAP accounts",
    url       = "https://www.itzgeek.com/how-tos/linux/centos-how-tos/migrate-local-users-ldap-accounts.html"
}
https://insidehpc.com/hpc-basic-training/what-is-hpc/

@misc{hpccomputing,
    author    = "insideHPC",
    title     = "What is high performance computing?",
    url       = "https://insidehpc.com/hpc-basic-training/what-is-hpc/"
}

@misc{slurmquickstart,
    author    = "SchedMD",
    title     = "Slurm - Quick Start",
    url       = "https://slurm.schedmd.com/quickstart.html"
}

@misc{ntpclient,
    author    = "Geek University",
    title     = "NTP Client",
    url       = "https://geek-university.com/linux/configure-ntp-client/"
}

@misc{ntpserver,
    author    = "Geek University",
    title     = "NTP Server",
    url       = "https://geek-university.com/linux/configure-ntp-server/"
}

@misc{nfsserver,
    author    = "R1 Soft",
    title     = "NFS Server",
    url       = "http://wiki.r1soft.com/display/ServerBackup/Configure+NFS+server+on+Linux"
}

@misc{nfsautofs,
    author    = "Alcance Libre",
    title     = "NFS Client",
    url       = "https://www.alcancelibre.org/staticpages/index.php/configuracion-autofs"
}

@misc{inteltools,
    author    = "Intel",
    title     = "Intel High Performance Tools",
    url       = "https://software.intel.com/content/www/us/en/develop/articles/free-ipsxe-tools-and-libraries.html"
}

@misc{atlas,
    title     = "Math ATLAS",
    url       = "http://math-atlas.sourceforge.net/"
}

@misc{openblas,
    title     = "OpenBLAS",
    url       = "https://www.openblas.net/"
}

@misc{openmpi,
    title     = "OpenMPI",
    url       = "https://www.open-mpi.org/"
}

@misc{ldapconfiguration,
    author    = "DevConnected",
    title     = "How to setup OpenLDAP server on Debian 10",
    url       = "https://devconnected.com/how-to-setup-openldap-server-on-debian-10/"
}

@misc{lmod,
    author    = "Robert McLay",
    title     = "Lmod Instalation",
    url       = "https://lmod.readthedocs.io/en/latest/030_installing.html"
}
@misc{ldapcpu,
    title     = "Change Password Utility",
    url       = "http://cpu.sourceforge.net/"
}

@misc{openssh,
    title = "Open SSH",
    url = "https://www.openssh.com/"
}

@misc{munge,
    title = "Munge",
    url = "https://dun.github.io/munge/"
}

@misc{hpcexamples,
    title = "Business use cases for high-performance computing",
    author    = "Sify Technologies",
    url = "https://www.sifytechnologies.com/blog/business-use-cases-high-performance-computing/"
}

@misc{openldap,
    title = "OpenLDAP",
    url = "https://www.openldap.org"
}

@misc{
    teidehpc,
    author = "Iter",
    title = "Teide HPC",
    url = "https://teidehpc.iter.es/"
}

@misc{
    teidehpcranking,
    author = "Top500",
    title = "Teide HPC - Ranking",
    url = "https://www.top500.org/system/178254/"
}

@misc {
    nasbenchmark,
    title = "NAS Benchmark",
    author = "NASA",
    url = "https://www.nas.nasa.gov/software/npb.html"
}
@misc {
    mpi,
    title = "MPI",
    author = "Wikipedia",
    url = "https://es.wikipedia.org/wiki/Interfaz_de_Paso_de_Mensajes"
}

@misc {
    gsl,
    title = "GNU Scientific Library",
    url = "https://www.gnu.org/software/gsl/"
}

@misc {
    inteloneapi,
    title = "Intel One API",
    url = "https://software.intel.com/content/www/us/en/develop/documentation/installation-guide-for-intel-oneapi-toolkits-linux/top/installation/install-using-package-managers/apt.html"
}

@misc {
    nfs,
    title = "Network File System",
    url = "https://es.wikipedia.org/wiki/Network_File_System"
}

@misc {
    ldapvi,
    title = "LDAPvi tool",
    url = "http://www.lichteblau.com/ldapvi/manual/"
}

@misc {
    slurmconfiguration,
    title = "Herramienta de configuración de Slurm",
    url = "https://slurm.schedmd.com/configurator.html"
}

@misc {
    libnsspamd,
    title = "Libnss-pamd",
    url = "https://arthurdejong.org/nss-pam-ldapd/"
}

@misc {
    nsswitchconf,
    title = "nswitch.conf documentation",
    url = "http://manpages.ubuntu.com/manpages/bionic/es/man5/nsswitch.conf.5.html"
}

@misc {
    linuxpam,
    title = "Linux PAM documentation",
    url = "http://www.linux-pam.org/"
}

@misc {
    slurmpam,
    title = "Slurm PAM",
    url = "https://slurm.schedmd.com/pam_slurm_adopt.html"
}

@misc {
    ldap,
    title = "LDAP",
    url = "https://es.wikipedia.org/wiki/Protocolo_ligero_de_acceso_a_directorios"
}

@misc {
    piprogram,
    title = "PI Calculation OpenMPI",
    url = "https://github.com/TahaDz/pi-calculation-openmpi"
}

@misc {
    parelismoyrendimiento,
    author = "Vicente Arnau Llombart, Universidad de Valencia",
    title = "Introducción al paralelismo y rendimiento",
    url = "https://www.uv.es/varnau/OC_T4.pdf"
}

@misc {
    marenostrum,
    author = "Barcelona Supercomputing Centre",
    title = "Marenostrum",
    url = "https://www.bsc.es/marenostrum/marenostrum"
}

@misc {
    marenostrumtop,
    author = "Top500",
    title = "Marenostrum - Ranking",
    url = "https://www.top500.org/system/179067/"
}

@misc {
    eurohpc,
    title = "EuroHPC",
    url = "https://eurohpc-ju.europa.eu/discover-eurohpc-ju"
}

@misc {
    benefitscomputing,
    author = "EuroHPC",
    title = "Benefits of supercomputing",
    url = "https://eurohpc-ju.europa.eu/discover-eurohpc-ju#ecl-inpage-14"
}

@misc {
    idrac,
    author = "Dell",
    title = "Tecnologia iDRAC",
    url = "https://www.delltechnologies.com/es-es/solutions/openmanage/idrac.htm"
}

@misc {
    tiposparalelismo,
    title = "Programación Paralela",
    url = "http://ferestrepoca.github.io/paradigmas-de-programacion/paralela/paralela_teoria/index.html"
}

@misc {
    parallelcomputers,
    title = "Ordenadores paralelos",
    url  = "https://es.wikipedia.org/wiki/Computacion_paralela#Clases_de_computadoras_paralelas"
}

@misc {
    beowulf,
    title = "Cluster Beowulf",
    url  = "https://es.wikipedia.org/wiki/Cluster_Beowulf"
}



@misc {
    paradigmasparalelismo,
    title = "Parallel paradigms",
    url  = "https://pdc-support.github.io/introduction-to-mpi/05-parallel-paradigms/index.html"
}

@misc {
    torquerepo,
    title = "TORQUE Github Repository",
    url  = "https://github.com/adaptivecomputing/torque"
}

@misc {
    slurmrepo,
    title = "Slurm Github Repository",
    author = "SchedMD",
    url = "https://github.com/SchedMD/slurm"
}

@misc {
    kubernetesrepo,
    title = "Kubernetes Github Repository",
    url = "https://github.com/kubernetes/kubernetes"
}

@misc {
    chrony,
    title = "Chrony",
    url = "https://chrony.tuxfamily.org/"
}

@misc {
    chronyvsntp,
    author = "Sanjay Mishra",
    title = "CentOS / RHEL 7 : Chronyd V/s NTP service",
    url = "https://medium.com/@codingmaths/centos-rhel-7-chronyd-v-s-ntp-service-5d65765fdc5f"
}

@misc {
    ansible,
    title = "Ansible",
    url = "https://www.ansible.com/"
}

@misc {
    slurmweb,
    title = "Slurm Web",
    url = "https://edf-hpc.github.io/slurm-web/introduction.html"
}

@misc {
    openmpirepo,
    title = "Pi Calculation Repository",
    author="TahaDz",
    url = "https://github.com/TahaDz/pi-calculation-openmpi"
}
@INPROCEEDINGS{6114480,  author={McLay, Robert and Schulz, Karl W. and Barth, William L. and Minyard, Tommy},  booktitle={SC '11: Proceedings of 2011 International Conference for High Performance Computing, Networking, Storage and Analysis},   title={Best practices for the deployment and management of production HPC clusters},   year={2011},  volume={},  number={},  pages={1-11},  doi={10.1145/2063348.2063360}}